% Encoding: UTF-8

@inproceedings{riar2020game,
	title={How game features give rise to altruism and collective action? Implications for cultivating cooperation by gamification},
	author={Riar, Marc and Morschheuser, Benedikt and Hamari, Juho and Zarnekow, R{\"u}diger},
	booktitle={Proceedings of the 53rd Hawaii International Conference on System Sciences},
	year={2020}
}


@InProceedings{Deterding2011,
  author    = {Sebastian Deterding and Dan Dixon and Rilla Khaled and Lennart Nacke},
  title     = {From game design elements to gamefulness},
  booktitle = {Proceedings of the 15th International Academic {MindTrek} Conference on Envisioning Future Media Environments - {MindTrek} 11},
  year      = {2011},
  publisher = {{ACM} Press},
  doi       = {10.1145/2181037.2181040},
}

% Scratch
@article{resnick2009scratch,
	title={Scratch: programming for all},
	author={Resnick, Mitchel and Maloney, John and Monroy-Hern{\'a}ndez, Andr{\'e}s and Rusk, Natalie and Eastmond, Evelyn and Brennan, Karen and Millner, Amon and Rosenbaum, Eric and Silver, Jay and Silverman, Brian and others},
	journal={Communications of the ACM},
	volume={52},
	number={11},
	pages={60--67},
	year={2009},
	publisher={ACM New York, NY, USA}
}
@article{maloney2010scratch,
	title={The scratch programming language and environment},
	author={Maloney, John and Resnick, Mitchel and Rusk, Natalie and Silverman, Brian and Eastmond, Evelyn},
	journal={ACM Transactions on Computing Education (TOCE)},
	volume={10},
	number={4},
	pages={1--15},
	year={2010},
	publisher={ACM New York, NY, USA}
}
@misc{ScratchUrl2019Jan,
	title = {{Scratch - Developers}},
	year = {2019},
	month = {Jan},
	note = {[Online; accessed 4. Mar. 2020]},
	url = {https://scratch.mit.edu/developers}
}


@Comment{jabref-meta: databaseType:bibtex;}
